<?xml version="1.0" encoding="UTF-8"?><collection xmlns="http://www.loc.gov/MARC21/slim"><record><leader>00649nam--2200205-i-4500</leader><controlfield tag="001">000011424</controlfield><controlfield tag="002">20161230</controlfield><controlfield tag="005">20161230201029</controlfield><controlfield tag="008">060222s1000------------r-----000-0-eng-d</controlfield><datafield ind1=" " ind2=" " tag="020"><subfield code="a">012145685</subfield></datafield><datafield ind1=" " ind2=" " tag="040"><subfield code="a">IFIN-HH</subfield></datafield><datafield ind1=" " ind2=" " tag="080"><subfield code="a">621.382.621.39</subfield></datafield><datafield ind1="1" ind2=" " tag="100"><subfield code="a">Marton, L</subfield></datafield><datafield ind1="1" ind2="0" tag="245"><subfield code="a">Advances in electronics and electron physics</subfield><subfield code="b">Suplement 8 charge transfer devices</subfield><subfield code="c">L. marston (series ed.), carlo h. sequin, michael f. tompsett</subfield></datafield><datafield ind1=" " ind2=" " tag="260"><subfield code="a">New York</subfield><subfield code="b">Academic Press</subfield><subfield code="c">1975</subfield></datafield><datafield ind1=" " ind2=" " tag="300"><subfield code="a">309P</subfield></datafield><datafield ind1=" " ind2=" " tag="490"><subfield code="a">Advances In Electronics And Electron Physics</subfield></datafield><datafield ind1="1" ind2=" " tag="700"><subfield code="a">Tompsett, Michael F</subfield></datafield><datafield ind1=" " ind2=" " tag="852"><subfield code="a">871</subfield><subfield code="c">537.533</subfield></datafield><datafield ind1=" " ind2=" " tag="CAT"><subfield code="a">Sys</subfield><subfield code="c">20110811</subfield><subfield code="h">150820</subfield></datafield></record></collection>